
<record>
<header>
<identifier>oai:revistas.usp.br:article/103314</identifier>
<datestamp>2019-11-07T13:18:52Z</datestamp>
<setSpec>actafisiatrica:Art.+Orig.</setSpec>
<setSpec>driver</setSpec>
</header>
<metadata>
<record xmlns="http://www.loc.gov/MARC21/slim" xmlns:xsi="http://www.w3.org/2001/XMLSchema-instance" xsi:schemaLocation="http://www.loc.gov/MARC21/slim http://www.loc.gov/standards/marcxml/schema/MARC21slim.xsd">
<leader>     nmb a2200000Iu 4500</leader>
<controlfield tag="008">"100609 2010                        eng  "</controlfield>
<datafield tag="022" ind1="#" ind2="#">
<subfield code="$a">2317-0190</subfield>
</datafield>
<datafield tag="022" ind1="#" ind2="#">
<subfield code="$a">0104-7795</subfield>
</datafield>
<datafield tag="042" ind1=" " ind2=" ">
<subfield code="a">dc</subfield>
</datafield>
<datafield tag="245" ind1="0" ind2="0">
<subfield code="a">Bloqueios químicos para o tratamento da espasticidade na paralisia cerebral</subfield>
</datafield>  <datafield tag="100" ind1="1" ind2=" ">
<subfield code="a">Sposito, Maria Matilde de Mello</subfield>
<subfield code="u">Universidade de São Paulo. Faculdade de Medicina</subfield></datafield>
<datafield tag="520" ind1=" " ind2=" ">
<subfield code="a"> Os bloqueios químicos são considerados armas importantes no moderno tratamento da espasticidade tanto em adultos como em crianças. Eles podem ser realizados com fenol, com toxina botulínica do tipo A ou ainda com ambos, os chamados bloqueios mistos. Neste artigo discutiremos em detalhes os diferentes tipos de bloqueios químicos utilizados para o tratamento da espasticidade. </subfield>
</datafield>
<datafield tag="260" ind1=" " ind2=" ">
<subfield code="b">Faculdade de Medicina, Universidade de São Paulo</subfield>
</datafield>
<dataField tag="260" ind1=" " ind2=" ">
<subfield code="c">2010-06-09 00:00:00</subfield>
</dataField>   <datafield tag="856" ind1=" " ind2=" ">
<subfield code="q">application/pdf</subfield>
</datafield>
<datafield tag="856" ind1=" " ind2=" ">
<subfield code="q">application/pdf</subfield>
</datafield>
<datafield tag="856" ind1="4" ind2="0">
<subfield code="u">https://www.revistas.usp.br/actafisiatrica/article/view/103314</subfield>
</datafield>  <datafield tag="786" ind1="0" ind2=" ">
<subfield code="n">Acta Fisiátrica; v. 17 n. 2 (2010)</subfield>
</datafield>  <datafield tag="546" ind1=" " ind2=" ">
<subfield code="a">por</subfield>
</datafield>   <datafield tag="540" ind1=" " ind2=" ">
<subfield code="a">Copyright (c) 2010 Acta Fisiátrica</subfield>
</datafield>
</record>
</metadata>
</record>