
<record>
<header>
<identifier>oai:revistas.usp.br:article/103315</identifier>
<datestamp>2019-11-07T13:19:26Z</datestamp>
<setSpec>actafisiatrica:Art.+Rev.</setSpec>
<setSpec>driver</setSpec>
</header>
<metadata>
<record xmlns="http://www.loc.gov/MARC21/slim" xmlns:xsi="http://www.w3.org/2001/XMLSchema-instance" xsi:schemaLocation="http://www.loc.gov/MARC21/slim http://www.loc.gov/standards/marcxml/schema/MARC21slim.xsd">
<leader>     nmb a2200000Iu 4500</leader>
<controlfield tag="008">"100609 2010                        eng  "</controlfield>
<datafield tag="022" ind1="#" ind2="#">
<subfield code="$a">2317-0190</subfield>
</datafield>
<datafield tag="022" ind1="#" ind2="#">
<subfield code="$a">0104-7795</subfield>
</datafield>
<datafield tag="042" ind1=" " ind2=" ">
<subfield code="a">dc</subfield>
</datafield>
<datafield tag="245" ind1="0" ind2="0">
<subfield code="a">Cirurgias e intervenções físicas no tratamento da espasticidade na paralisia cerebral</subfield>
</datafield>  <datafield tag="100" ind1="1" ind2=" ">
<subfield code="a">Sposito, Maria Matilde de Mello</subfield>
<subfield code="u">Universidade de São Paulo. Faculdade de Medicina</subfield></datafield>
<datafield tag="520" ind1=" " ind2=" ">
<subfield code="a"> Apesar de o tratamento da espasticidade em pacientes com paralisia cerebral fundamentar-se, essencialmente, na cinesioterapia e medicamentos administrados com inflitrações ou por via oral, ocorrem situações nas quais tais intervenções não surtem os efeitos desejados, seja em virtude da gravidade da espasticidade ou da contra-indição e efeitos adversos ao uso da toxina botulínica. Também podem ocorrer distorções do aparelho locomotor resultantes do constante estímulo deformante da espasticidade e da alteração biomecânica que ela impõe ao posicionamento de membros durante a marcha, ortostatismo ou outras posições de repouso. Nestas últimas situações, estão indicados procedimentos cirúrgicos que visam a melhoria da condição biomecânica, adequação do posicionamento e maior eficiência da movimentação em geral. Este artigo de revisão tem por objetivo apresentar as formas alternativas de administração de drogas para o controle  da espasticidade, como a bomba de baclofeno, cujo implante exige procedimento cirúrgico, outras indicações e intervenções cirúrgicas para o controle da espasticidade e de suas consequências como deformidades e alteração de função além de procedimentos fisioterápicos e uso de órteses sempre com o objetivo de redução dos quadros espásticos. </subfield>
</datafield>
<datafield tag="260" ind1=" " ind2=" ">
<subfield code="b">Faculdade de Medicina, Universidade de São Paulo</subfield>
</datafield>
<dataField tag="260" ind1=" " ind2=" ">
<subfield code="c">2010-06-09 00:00:00</subfield>
</dataField>   <datafield tag="856" ind1=" " ind2=" ">
<subfield code="q">application/pdf</subfield>
</datafield>
<datafield tag="856" ind1=" " ind2=" ">
<subfield code="q">application/pdf</subfield>
</datafield>
<datafield tag="856" ind1="4" ind2="0">
<subfield code="u">https://www.revistas.usp.br/actafisiatrica/article/view/103315</subfield>
</datafield>  <datafield tag="786" ind1="0" ind2=" ">
<subfield code="n">Acta Fisiátrica; v. 17 n. 2 (2010)</subfield>
</datafield>  <datafield tag="546" ind1=" " ind2=" ">
<subfield code="a">por</subfield>
</datafield>   <datafield tag="540" ind1=" " ind2=" ">
<subfield code="a">Copyright (c) 2010 Acta Fisiátrica</subfield>
</datafield>
</record>
</metadata>
</record>