
<record>
<header>
<identifier>oai:revistas.usp.br:article/103327</identifier>
<datestamp>2019-09-29T23:14:22Z</datestamp>
<setSpec>actafisiatrica:Edit</setSpec>
<setSpec>driver</setSpec>
</header>
<metadata>
<record xmlns="http://www.loc.gov/MARC21/slim" xmlns:xsi="http://www.w3.org/2001/XMLSchema-instance" xsi:schemaLocation="http://www.loc.gov/MARC21/slim http://www.loc.gov/standards/marcxml/schema/MARC21slim.xsd">
<leader>     nmb a2200000Iu 4500</leader>
<controlfield tag="008">"100909 2010                        eng  "</controlfield>
<datafield tag="022" ind1="#" ind2="#">
<subfield code="$a">2317-0190</subfield>
</datafield>
<datafield tag="022" ind1="#" ind2="#">
<subfield code="$a">0104-7795</subfield>
</datafield>
<datafield tag="042" ind1=" " ind2=" ">
<subfield code="a">dc</subfield>
</datafield>
<datafield tag="245" ind1="0" ind2="0">
<subfield code="a">Mudança dos critérios Qualis!</subfield>
</datafield>  <datafield tag="720" ind1="1" ind2=" ">
<subfield code="a">Andriolo, Adagmar</subfield>
<subfield code="u">Jornal Brasileiro de Patologia e Medicina Laboratorial</subfield></datafield>
<datafield tag="720" ind1="1" ind2=" ">
<subfield code="a">Barbosa, Alfredo José Afonso</subfield>
<subfield code="u">Jornal Brasileiro de Patologia e Medicina Laboratorial</subfield></datafield>
<datafield tag="720" ind1="1" ind2=" ">
<subfield code="a">Hernandez, Arnaldo José</subfield>
<subfield code="u">Revista Brasileira de Medicina do Esporte</subfield></datafield>
<datafield tag="720" ind1="1" ind2=" ">
<subfield code="a">Camargos, Aroldo F.</subfield>
<subfield code="u">Revista Femina</subfield></datafield>
<datafield tag="720" ind1="1" ind2=" ">
<subfield code="a">Barraviera, Benedito</subfield>
<subfield code="u">Journal of Venomous Animals and Toxins including Tropical Diseases</subfield></datafield>
<datafield tag="720" ind1="1" ind2=" ">
<subfield code="a">Kadunc, Bogdana Victoria</subfield>
<subfield code="u">Surgical &amp; Cosmetic Dermatology da Soc. Brasileira de Dermatologia</subfield></datafield>
<datafield tag="720" ind1="1" ind2=" ">
<subfield code="a">Caramelli, Bruno</subfield>
<subfield code="u">Revista da Associação Médica Brasileira</subfield></datafield>
<datafield tag="720" ind1="1" ind2=" ">
<subfield code="a">Brites, Carlos</subfield>
<subfield code="u">Brazilian Journal of Infectious Diseases</subfield></datafield>
<datafield tag="720" ind1="1" ind2=" ">
<subfield code="a">Nascimento, Dejair Caitano do</subfield>
<subfield code="u">Hansenologia Internationalis</subfield></datafield>
<datafield tag="720" ind1="1" ind2=" ">
<subfield code="a">Braile, Domingo M.</subfield>
<subfield code="u">Revista Brasileira de Cirurgia Cardiovascular</subfield></datafield>
<datafield tag="720" ind1="1" ind2=" ">
<subfield code="a">Goldenberg, Dov Charles</subfield>
<subfield code="u">Revista Brasileira de Cirurgia Plástica</subfield></datafield>
<datafield tag="720" ind1="1" ind2=" ">
<subfield code="a">Baracat, Edmund Chada</subfield>
<subfield code="u">Revista da Associação Médica Brasileira</subfield></datafield>
<datafield tag="720" ind1="1" ind2=" ">
<subfield code="a">Marchiori, Edson</subfield>
<subfield code="u">Revista Radiologia Brasileira</subfield></datafield>
<datafield tag="720" ind1="1" ind2=" ">
<subfield code="a">Vieira, Eduardo de Paula</subfield>
<subfield code="u">Revista Brasileira de Coloproctologia</subfield></datafield>
<datafield tag="720" ind1="1" ind2=" ">
<subfield code="a">Almeida, Eros Antônio de</subfield>
<subfield code="u">Revista da Sociedade Brasileira de Clínica Médica</subfield></datafield>
<datafield tag="720" ind1="1" ind2=" ">
<subfield code="a">Jotz, Geraldo Pereira</subfield>
<subfield code="u">Revista Brasileira de Cirurgia Cabeça e Pescoço</subfield></datafield>
<datafield tag="720" ind1="1" ind2=" ">
<subfield code="a">Kirsztajn, Gianna Mastroianni</subfield>
<subfield code="u">Jornal Brasileiro de Nefrologia</subfield></datafield>
<datafield tag="720" ind1="1" ind2=" ">
<subfield code="a">Camanho, Gilberto</subfield>
<subfield code="u">Revista Brasileira de Ortopedia</subfield></datafield>
<datafield tag="720" ind1="1" ind2=" ">
<subfield code="a">Gusso, Gustavo</subfield>
<subfield code="u">Medicina Família e Comunidade</subfield></datafield>
<datafield tag="720" ind1="1" ind2=" ">
<subfield code="a">Duarte, Ivomar Gomes</subfield>
<subfield code="u">Revista de Administração em Saúde</subfield></datafield>
<datafield tag="720" ind1="1" ind2=" ">
<subfield code="a">Costa, Izelda Maria Carvalho</subfield>
<subfield code="u">Anais Brasileiros de Dermatologia</subfield></datafield>
<datafield tag="720" ind1="1" ind2=" ">
<subfield code="a">Mello Júnior, João Ferreira de</subfield>
<subfield code="u">Brazilian Journal of Otorhinolaryngology</subfield></datafield>
<datafield tag="720" ind1="1" ind2=" ">
<subfield code="a">Faintuch, Joel</subfield>
<subfield code="u">Revista Brasileira de Nutrição Clínica</subfield></datafield>
<datafield tag="720" ind1="1" ind2=" ">
<subfield code="a">Martinez, José Antônio Baddini</subfield>
<subfield code="u">Jornal Brasileiro de Pneumologia</subfield></datafield>
<datafield tag="720" ind1="1" ind2=" ">
<subfield code="a">Livramento, José Antonio</subfield>
<subfield code="u">Revista Arquivos de Neuropsiquiatria</subfield></datafield>
<datafield tag="720" ind1="1" ind2=" ">
<subfield code="a">Manso, José Eduardo Ferreira</subfield>
<subfield code="u">Revista do Colégio Brasileiro de Cirurgiões</subfield></datafield>
<datafield tag="720" ind1="1" ind2=" ">
<subfield code="a">Cabral Filho, José Eulálio Eulálio</subfield>
<subfield code="u">Revista Brasileira de Saúde Materno Infantil</subfield></datafield>
<datafield tag="720" ind1="1" ind2=" ">
<subfield code="a">Montal, José Heverardo da Costa</subfield>
<subfield code="u">Revista da Associação Brasileira de Medicina de Tráfego</subfield></datafield>
<datafield tag="720" ind1="1" ind2=" ">
<subfield code="a">Amaral, José Luiz Gomes do</subfield>
<subfield code="u">Revista da Associação Médica Brasileira</subfield></datafield>
<datafield tag="720" ind1="1" ind2=" ">
<subfield code="a">Martins, José Luiz</subfield>
<subfield code="u">Archives of Pediatric Surgery</subfield></datafield>
<datafield tag="720" ind1="1" ind2=" ">
<subfield code="a">Andrade, Jurandyr Moreira de</subfield>
<subfield code="u">Archives of Pediatric Surgery</subfield></datafield>
<datafield tag="720" ind1="1" ind2=" ">
<subfield code="a">Savassi, Leonardo Cançado Monteiro</subfield>
<subfield code="u">Revista Brasileira de Medicina de Família e Comunidade</subfield></datafield>
<datafield tag="720" ind1="1" ind2=" ">
<subfield code="a">Machado, Luís dos Ramos</subfield>
<subfield code="u">Revista Arquivos de Neuropsiquiatria</subfield></datafield>
<datafield tag="720" ind1="1" ind2=" ">
<subfield code="a">Casulari, Luiz Augusto</subfield>
<subfield code="u">Brasilia Médica</subfield></datafield>
<datafield tag="720" ind1="1" ind2=" ">
<subfield code="a">Leme, Luiz Eugenio Garcez</subfield>
<subfield code="u">Geriatria &amp; Gerontologia</subfield></datafield>
<datafield tag="720" ind1="1" ind2=" ">
<subfield code="a">Gebrim, Luiz Henrique</subfield>
<subfield code="u">Revista Brasileira de Mastologia</subfield></datafield>
<datafield tag="720" ind1="1" ind2=" ">
<subfield code="a">Madeira, Marcelo</subfield>
<subfield code="u">Revista Brasileira de Mastologia</subfield></datafield>
<datafield tag="720" ind1="1" ind2=" ">
<subfield code="a">Riberto, Marcelo</subfield>
<subfield code="u">Revista Acta Fisiátrica</subfield><subfield code="0">https://orcid.org/0000-0001-9549-8830</subfield></datafield>
<datafield tag="720" ind1="1" ind2=" ">
<subfield code="a">Bastos, Marcus</subfield>
<subfield code="u">Jornal Brasileiro de Nefrologia</subfield></datafield>
<datafield tag="720" ind1="1" ind2=" ">
<subfield code="a">Falcão, Mário Cícero</subfield>
<subfield code="u">Revista Brasileira de Nutrição Clínica</subfield></datafield>
<datafield tag="720" ind1="1" ind2=" ">
<subfield code="a">Conceição, Mario J. da</subfield>
<subfield code="u">Revista da Sociedade Brasileira de Anestesiologia</subfield></datafield>
<datafield tag="720" ind1="1" ind2=" ">
<subfield code="a">Silva, Mauricio Rocha e</subfield>
<subfield code="u">Revista Clinics</subfield></datafield>
<datafield tag="720" ind1="1" ind2=" ">
<subfield code="a">Ruiz, Milton Artur</subfield>
<subfield code="u">Revista Brasileira de Hematologia e Hemoterapia</subfield></datafield>
<datafield tag="720" ind1="1" ind2=" ">
<subfield code="a">Shibata, Milton K.</subfield>
<subfield code="u">Arquivos Brasileiros de Neurocirurgia</subfield></datafield>
<datafield tag="720" ind1="1" ind2=" ">
<subfield code="a">Santiago, Mittermayer Barreto</subfield>
<subfield code="u">Revista Brasileira de Reumatologia</subfield></datafield>
<datafield tag="720" ind1="1" ind2=" ">
<subfield code="a">Andreollo, Nelson Adami</subfield>
<subfield code="u">Arquivos Brasileiros de Cirurgia Digestiva</subfield></datafield>
<datafield tag="720" ind1="1" ind2=" ">
<subfield code="a">Alonso, Nivaldo</subfield>
<subfield code="u">Brazilian Journal of Craniomaxilofacial Surgery</subfield></datafield>
<datafield tag="720" ind1="1" ind2=" ">
<subfield code="a">Malafaia, Osvaldo</subfield>
<subfield code="u">Arquivos Brasileiros de Cirurgia Digestiva</subfield></datafield>
<datafield tag="720" ind1="1" ind2=" ">
<subfield code="a">Camargo, Olavo Pires de</subfield>
<subfield code="u">Acta Ortopedica Brasileira</subfield></datafield>
<datafield tag="720" ind1="1" ind2=" ">
<subfield code="a">Fernandes, Paulo Manuel Pêgo</subfield>
<subfield code="u">São Paulo Medical Journal</subfield></datafield>
<datafield tag="720" ind1="1" ind2=" ">
<subfield code="a">Martins, Regina Helena Garcia</subfield>
<subfield code="u">Brazilian Journal of Otorhinolaryngology</subfield></datafield>
<datafield tag="720" ind1="1" ind2=" ">
<subfield code="a">Procianoy, Renato Soibelmann</subfield>
<subfield code="u">Jornal de Pediatria</subfield></datafield>
<datafield tag="720" ind1="1" ind2=" ">
<subfield code="a">Antunes, Ricardo César Pinto</subfield>
<subfield code="u">Revista da Sociedade Brasileira de Cancerologia</subfield></datafield>
<datafield tag="720" ind1="1" ind2=" ">
<subfield code="a">Viebig, Ricardo Guilherme</subfield>
<subfield code="u">Arquivos de Gastroenterologia</subfield></datafield>
<datafield tag="720" ind1="1" ind2=" ">
<subfield code="a">Nitrini, Ricardo</subfield>
<subfield code="u">Dementia &amp; Neuropsychologia</subfield></datafield>
<datafield tag="720" ind1="1" ind2=" ">
<subfield code="a">Dedivitis, Rogério</subfield>
<subfield code="u">Revista Brasileira de Cirurgia Cabeça e Pescoço</subfield></datafield>
<datafield tag="720" ind1="1" ind2=" ">
<subfield code="a">Damião, Ronaldo</subfield>
<subfield code="u">Urologia Contemporânea</subfield></datafield>
<datafield tag="720" ind1="1" ind2=" ">
<subfield code="a">Monteiro, Rosângela</subfield>
<subfield code="u">Revista Brasileira de Cirurgia Cardiovascular</subfield></datafield>
<datafield tag="720" ind1="1" ind2=" ">
<subfield code="a">Lianza, Sergio</subfield>
<subfield code="u">Revista Medicina de Reabilitação</subfield></datafield>
<datafield tag="720" ind1="1" ind2=" ">
<subfield code="a">Rode, Sigmar de Mello</subfield>
<subfield code="u">Brazilian Oral Research</subfield></datafield>
<datafield tag="720" ind1="1" ind2=" ">
<subfield code="a">Barros Filho, Tarcisio E.P.</subfield>
<subfield code="u">Acta Ortopedica Brasileira</subfield></datafield>
<datafield tag="720" ind1="1" ind2=" ">
<subfield code="a">Chamon, Wallace</subfield>
<subfield code="u">Arquivos Brasileiros de Oftalmologia</subfield></datafield>
<datafield tag="720" ind1="1" ind2=" ">
<subfield code="a">Yoshida, Winston Bonetti</subfield>
<subfield code="u">Jornal Vascular Brasileiro</subfield></datafield>
<datafield tag="720" ind1="1" ind2=" ">
<subfield code="a">Handar, Zuher</subfield>
<subfield code="u">Revista Brasileira de Medicina do Trabalho</subfield></datafield>  <datafield tag="260" ind1=" " ind2=" ">
<subfield code="b">Faculdade de Medicina, Universidade de São Paulo</subfield>
</datafield>
<dataField tag="260" ind1=" " ind2=" ">
<subfield code="c">2010-09-09 00:00:00</subfield>
</dataField>   <datafield tag="856" ind1=" " ind2=" ">
<subfield code="q">application/pdf</subfield>
</datafield>
<datafield tag="856" ind1="4" ind2="0">
<subfield code="u">https://www.revistas.usp.br/actafisiatrica/article/view/103327</subfield>
</datafield>  <datafield tag="786" ind1="0" ind2=" ">
<subfield code="n">Acta Fisiátrica; v. 17 n. 3 (2010)</subfield>
</datafield>  <datafield tag="546" ind1=" " ind2=" ">
<subfield code="a">por</subfield>
</datafield>   <datafield tag="540" ind1=" " ind2=" ">
<subfield code="a">Copyright (c)  </subfield>
</datafield>
</record>
</metadata>
</record>