
<record>
<header>
<identifier>oai:revistas.usp.br:article/103331</identifier>
<datestamp>2019-09-29T23:22:23Z</datestamp>
<setSpec>actafisiatrica:Art.+Orig.</setSpec>
<setSpec>driver</setSpec>
</header>
<metadata>
<record xmlns="http://www.loc.gov/MARC21/slim" xmlns:xsi="http://www.w3.org/2001/XMLSchema-instance" xsi:schemaLocation="http://www.loc.gov/MARC21/slim http://www.loc.gov/standards/marcxml/schema/MARC21slim.xsd">
<leader>     nmb a2200000Iu 4500</leader>
<controlfield tag="008">"100909 2010                        eng  "</controlfield>
<datafield tag="022" ind1="#" ind2="#">
<subfield code="$a">2317-0190</subfield>
</datafield>
<datafield tag="022" ind1="#" ind2="#">
<subfield code="$a">0104-7795</subfield>
</datafield>
<datafield tag="042" ind1=" " ind2=" ">
<subfield code="a">dc</subfield>
</datafield>
<datafield tag="245" ind1="0" ind2="0">
<subfield code="a">Uma abordagem qualitativa das interações entre os domínios da Classificação Internacional de Funcionalidade, Incapacidade e Saúde</subfield>
</datafield>  <datafield tag="720" ind1="1" ind2=" ">
<subfield code="a">Lima, Alexandra de</subfield>
<subfield code="u">Universidade Federal de Minas Gerais</subfield></datafield>
<datafield tag="720" ind1="1" ind2=" ">
<subfield code="a">Viegas, Carina Souza</subfield>
<subfield code="u">Universidade Federal de Minas Gerais</subfield></datafield>
<datafield tag="720" ind1="1" ind2=" ">
<subfield code="a">Paula, Maria Elizarda Machado de</subfield>
<subfield code="u">Universidade Federal de Minas Gerais</subfield></datafield>
<datafield tag="720" ind1="1" ind2=" ">
<subfield code="a">Silva, Fabiana Caetano Martins</subfield>
<subfield code="u">Universidade Federal de Minas Gerais</subfield></datafield>
<datafield tag="720" ind1="1" ind2=" ">
<subfield code="a">Sampaio, Rosana Ferreira</subfield>
<subfield code="u">Universidade Federal de Minas Gerais</subfield></datafield>
<datafield tag="520" ind1=" " ind2=" ">
<subfield code="a"> The International Classification of Functionality, Disability, and Health (ICF) is based on the bio-psycho-social model and enables understanding of the processes of functionality and disability through the interaction of its components. The aim of this study was to analyze the interrelationships between the domains of the ICF, describing the process of functionality and disability from the perspective of the individual. A qualitative approach was used with interviews and a life grid, built out of ICF domains, applied to 11 patients, and followed by filling in a diary of weekly activities. Most respondents made use of products and technologies such as canes, prostheses, or orthoses, and they had no difficulty in acquiring them through the SUS system. Personal factors that stood out were the ways of coping with new health conditions and new meaning in their lives. During the interviews, the importance of social support, particularly that offered by family and friends, the barriers encountered in the use of public transport, in addition to access of health care and Social Security benefits were prominent. Developing day-to-day strategies was a topic that showed how respondents reorganized their lives to minimize the difficulties they experienced. The data analysis from the interviews confirmed the existence of interaction between the components of ICF. This model was shown to be an important tool for understanding the process of human functionality and disability from the standpoint of the patient’s subjectivity and individuality, as well as for developing interventions and guiding public policy and health research. </subfield>
</datafield>
<datafield tag="260" ind1=" " ind2=" ">
<subfield code="b">Faculdade de Medicina, Universidade de São Paulo</subfield>
</datafield>
<dataField tag="260" ind1=" " ind2=" ">
<subfield code="c">2010-09-09 00:00:00</subfield>
</dataField>   <datafield tag="856" ind1=" " ind2=" ">
<subfield code="q">application/pdf</subfield>
</datafield>
<datafield tag="856" ind1="4" ind2="0">
<subfield code="u">https://www.revistas.usp.br/actafisiatrica/article/view/103331</subfield>
</datafield>  <datafield tag="786" ind1="0" ind2=" ">
<subfield code="n">Acta Fisiátrica; v. 17 n. 3 (2010)</subfield>
</datafield>  <datafield tag="546" ind1=" " ind2=" ">
<subfield code="a">eng</subfield>
</datafield>   <datafield tag="540" ind1=" " ind2=" ">
<subfield code="a">Copyright (c) 2010 Acta Fisiátrica</subfield>
</datafield>
</record>
</metadata>
</record>