
<record>
<header>
<identifier>oai:revistas.usp.br:article/103339</identifier>
<datestamp>2019-09-29T23:32:43Z</datestamp>
<setSpec>actafisiatrica:Art.+Orig.</setSpec>
<setSpec>driver</setSpec>
</header>
<metadata>
<record xmlns="http://www.loc.gov/MARC21/slim" xmlns:xsi="http://www.w3.org/2001/XMLSchema-instance" xsi:schemaLocation="http://www.loc.gov/MARC21/slim http://www.loc.gov/standards/marcxml/schema/MARC21slim.xsd">
<leader>     nmb a2200000Iu 4500</leader>
<controlfield tag="008">"100909 2010                        eng  "</controlfield>
<datafield tag="022" ind1="#" ind2="#">
<subfield code="$a">2317-0190</subfield>
</datafield>
<datafield tag="022" ind1="#" ind2="#">
<subfield code="$a">0104-7795</subfield>
</datafield>
<datafield tag="042" ind1=" " ind2=" ">
<subfield code="a">dc</subfield>
</datafield>
<datafield tag="245" ind1="0" ind2="0">
<subfield code="a">Relações entre bem-estar subjetivo e mobilidade e independência funcional por função de grupo de faixas etárias e de gêneros em idosos</subfield>
</datafield>  <datafield tag="720" ind1="1" ind2=" ">
<subfield code="a">Sposito, Giovana</subfield>
<subfield code="u">Universidade Estadual de Campinas. Faculdade de Ciências Médicas</subfield></datafield>
<datafield tag="720" ind1="1" ind2=" ">
<subfield code="a">Diogo, Maria José D’Elboux</subfield>
<subfield code="u">Universidade Estadual de Campinas. Faculdade de Ciências Médicas</subfield></datafield>
<datafield tag="720" ind1="1" ind2=" ">
<subfield code="a">Cintra, Fernanda Aparecida</subfield>
<subfield code="u">Universidade Estadual de Campinas. Faculdade de Ciências Médicas</subfield></datafield>
<datafield tag="720" ind1="1" ind2=" ">
<subfield code="a">Neri, Anita Liberalesso</subfield>
<subfield code="u">Universidade Estadual de Campinas. Faculdade de Educação</subfield></datafield>
<datafield tag="720" ind1="1" ind2=" ">
<subfield code="a">Guariento, Maria Elena</subfield>
<subfield code="u">Universidade Estadual de Campinas. Faculdade de Ciências Médicas</subfield></datafield>
<datafield tag="720" ind1="1" ind2=" ">
<subfield code="a">Sousa, Maria da Luz Rosário de</subfield>
<subfield code="u">Universidade Estadual de Campinas. Faculdade de Odontologia</subfield></datafield>
<datafield tag="520" ind1=" " ind2=" ">
<subfield code="a"> The aim of this study was to investigate the associations of subjective well-being, independence in daily activities, and the measures of mobility and flexibility in the lower limbs of elderly outpatients, according to age groups and gender. 125 people over 60 of both genders were chosen and evaluated. The instruments used were: Functional Independence Measure (FIM) to evaluate their daily activities, Short Physical Performance Battery (SPPB) for their physical performance, and Subjective Well-Being (SWB) for satisfaction with life. The results revealed that women have poorer physical performance and less functional independence than men. The older subjects had lower scores in physical performance and were more dependent in daily life activities than the younger ones, however they were more satisfied with life. The results suggest that older individuals and women have greater functional limitation. Meanwhile the older seniors show greater satisfaction with life </subfield>
</datafield>
<datafield tag="260" ind1=" " ind2=" ">
<subfield code="b">Faculdade de Medicina, Universidade de São Paulo</subfield>
</datafield>
<dataField tag="260" ind1=" " ind2=" ">
<subfield code="c">2010-09-09 00:00:00</subfield>
</dataField>   <datafield tag="856" ind1=" " ind2=" ">
<subfield code="q">application/pdf</subfield>
</datafield>
<datafield tag="856" ind1=" " ind2=" ">
<subfield code="q">application/pdf</subfield>
</datafield>
<datafield tag="856" ind1="4" ind2="0">
<subfield code="u">https://www.revistas.usp.br/actafisiatrica/article/view/103339</subfield>
</datafield>  <datafield tag="786" ind1="0" ind2=" ">
<subfield code="n">Acta Fisiátrica; v. 17 n. 3 (2010)</subfield>
</datafield>  <datafield tag="546" ind1=" " ind2=" ">
<subfield code="a">eng</subfield>
</datafield>   <datafield tag="540" ind1=" " ind2=" ">
<subfield code="a">Copyright (c) 2010 Acta Fisiátrica</subfield>
</datafield>
</record>
</metadata>
</record>