
<record>
<header>
<identifier>oai:revistas.usp.br:article/103343</identifier>
<datestamp>2019-09-30T11:34:40Z</datestamp>
<setSpec>actafisiatrica:Art.+Orig.</setSpec>
<setSpec>driver</setSpec>
</header>
<metadata>
<record xmlns="http://www.loc.gov/MARC21/slim" xmlns:xsi="http://www.w3.org/2001/XMLSchema-instance" xsi:schemaLocation="http://www.loc.gov/MARC21/slim http://www.loc.gov/standards/marcxml/schema/MARC21slim.xsd">
<leader>     nmb a2200000Iu 4500</leader>
<controlfield tag="008">"100909 2010                        eng  "</controlfield>
<datafield tag="022" ind1="#" ind2="#">
<subfield code="$a">2317-0190</subfield>
</datafield>
<datafield tag="022" ind1="#" ind2="#">
<subfield code="$a">0104-7795</subfield>
</datafield>
<datafield tag="042" ind1=" " ind2=" ">
<subfield code="a">dc</subfield>
</datafield>
<datafield tag="245" ind1="0" ind2="0">
<subfield code="a">Efeito da exposição cirúrgica de nervos e músculos no teste neurofisiológico em ratos</subfield>
</datafield>  <datafield tag="720" ind1="1" ind2=" ">
<subfield code="a">Stipp-Brambilla, Elisangela Jeronymo</subfield>
<subfield code="u">Universidade Estadual Paulista, Campus de Botucatu</subfield></datafield>
<datafield tag="720" ind1="1" ind2=" ">
<subfield code="a">Romão, Adriana Maria</subfield>
<subfield code="u">Universidade Estadual Paulista, Campus de Botucatu</subfield></datafield>
<datafield tag="720" ind1="1" ind2=" ">
<subfield code="a">Garbino, José Antonio</subfield>
<subfield code="u">Instituto Lauro de Souza Lima</subfield></datafield>
<datafield tag="720" ind1="1" ind2=" ">
<subfield code="a">Salgado, Manoel Henrique</subfield>
<subfield code="u">Universidade Estadual Paulista, Campus de Bauru</subfield></datafield>
<datafield tag="720" ind1="1" ind2=" ">
<subfield code="a">Viterboz, Fausto</subfield>
<subfield code="u">Universidade Estadual Paulista, Campus de Botucatu</subfield></datafield>
<datafield tag="520" ind1=" " ind2=" ">
<subfield code="a"> The neurophysiologic study in the modality of electroneuromyography (ENMG) determined and quantified the components in the motor ambit. The main data supplied by the examination was from the motor and sensory nerve conduction studies and by electromyography. However, many factors can interfere with the nervous response to electrostimulation, such as: age, gender, temperature, humidity, and other things. The aim of this work was to verify the effect of surgical exposure of the sciatic, common fibular, tibial, and cranial tibial muscle nerves in a neurophysiologic test on rats. Twenty (20) Wistar male rats were utilized, with approximately 80 days of age, divided into two groups. In the normal group the exam was made without the surgical exposure of the fibular nerve. In the surgical group the common fibular nerve was exposed. With the experimental model utilized, it was concluded that the neurophysiologic test done on animals with nerves and muscles surgically exposed is viable, since the alteration in animal temperature did not interfere significantly with the values of the electrophysiological parameters observed. In addition, the exposure of nerves and muscles allows stimulation of an exact point on the target nerve. </subfield>
</datafield>
<datafield tag="260" ind1=" " ind2=" ">
<subfield code="b">Faculdade de Medicina, Universidade de São Paulo</subfield>
</datafield>
<dataField tag="260" ind1=" " ind2=" ">
<subfield code="c">2010-09-09 00:00:00</subfield>
</dataField>   <datafield tag="856" ind1=" " ind2=" ">
<subfield code="q">application/pdf</subfield>
</datafield>
<datafield tag="856" ind1=" " ind2=" ">
<subfield code="q">application/pdf</subfield>
</datafield>
<datafield tag="856" ind1="4" ind2="0">
<subfield code="u">https://www.revistas.usp.br/actafisiatrica/article/view/103343</subfield>
</datafield>  <datafield tag="786" ind1="0" ind2=" ">
<subfield code="n">Acta Fisiátrica; v. 17 n. 3 (2010)</subfield>
</datafield>  <datafield tag="546" ind1=" " ind2=" ">
<subfield code="a">eng</subfield>
</datafield>   <datafield tag="540" ind1=" " ind2=" ">
<subfield code="a">Copyright (c) 2010 Acta Fisiátrica</subfield>
</datafield>
</record>
</metadata>
</record>