
<record>
<header>
<identifier>oai:revistas.usp.br:article/103353</identifier>
<datestamp>2019-09-30T11:44:58Z</datestamp>
<setSpec>actafisiatrica:Art.+Orig.</setSpec>
<setSpec>driver</setSpec>
</header>
<metadata>
<record xmlns="http://www.loc.gov/MARC21/slim" xmlns:xsi="http://www.w3.org/2001/XMLSchema-instance" xsi:schemaLocation="http://www.loc.gov/MARC21/slim http://www.loc.gov/standards/marcxml/schema/MARC21slim.xsd">
<leader>     nmb a2200000Iu 4500</leader>
<controlfield tag="008">"100909 2010                        eng  "</controlfield>
<datafield tag="022" ind1="#" ind2="#">
<subfield code="$a">2317-0190</subfield>
</datafield>
<datafield tag="022" ind1="#" ind2="#">
<subfield code="$a">0104-7795</subfield>
</datafield>
<datafield tag="042" ind1=" " ind2=" ">
<subfield code="a">dc</subfield>
</datafield>
<datafield tag="245" ind1="0" ind2="0">
<subfield code="a">Medo do idoso em sofrer quedas recorrentes: a marcha como fator determinante da independência funcional</subfield>
</datafield>  <datafield tag="720" ind1="1" ind2=" ">
<subfield code="a">Rezende, Adriana Arruda Barbosa</subfield>
<subfield code="u">Centro Universitário de Gurupi</subfield></datafield>
<datafield tag="720" ind1="1" ind2=" ">
<subfield code="a">Silva, Iris Lima e</subfield>
<subfield code="u">Universidade Castelo Branco</subfield></datafield>
<datafield tag="720" ind1="1" ind2=" ">
<subfield code="a">Cardoso, Fabrício Bruno</subfield>
<subfield code="u">Universidade Castelo Branco</subfield></datafield>
<datafield tag="720" ind1="1" ind2=" ">
<subfield code="a">Beresford, Heron</subfield>
<subfield code="u">Universidade do Estado do Rio de Janeiro</subfield></datafield>
<datafield tag="520" ind1=" " ind2=" ">
<subfield code="a"> This study was carried out with 60 sedentary elderly females, aged between 68 and 70 years and with histories of falls, registered in the “Idoso Feliz” Program in the city of Rio de Janeiro/RJ, and sought to identify the fear of having repeated falls. Initially, an inquiry was done about the occurrence of falls in the group participating in the research. Interviews were then made by means of the Falls Efficacy Scale- International-Brazil to evaluate the group in relation to the concern with falling during the practice of 16 daily activities. Their dynamic gait profile was also evaluated using the Dynamic Gait Index.  In relation to the concern by the elderly with falling, 40.11% mentioned no concern, 30% reported some concern, 25.33% moderate concern, and 4.6% were very concerned. The activities for which they showed more concern: taking a bath, walking on slippery or irregular surfaces, walking in a crowded place, and going out to social events. On evaluating the dynamic gait index, the majority of the population had a result considered predictive of falls since most of the elderly scored less than 19 points. It could be concluded that the majority of the investigated population showed at least low or moderate concern for suffering recurrent falls in the practice of everyday life activities, physical activities, and social activities, especially when these require muscular strength and balance. This can be justified, in part, by the unsatisfactory dynamic gait index detected, which implies the presence of abnormalities in that biomechanical function. </subfield>
</datafield>
<datafield tag="260" ind1=" " ind2=" ">
<subfield code="b">Faculdade de Medicina, Universidade de São Paulo</subfield>
</datafield>
<dataField tag="260" ind1=" " ind2=" ">
<subfield code="c">2010-09-09 00:00:00</subfield>
</dataField>   <datafield tag="856" ind1=" " ind2=" ">
<subfield code="q">application/pdf</subfield>
</datafield>
<datafield tag="856" ind1=" " ind2=" ">
<subfield code="q">application/pdf</subfield>
</datafield>
<datafield tag="856" ind1="4" ind2="0">
<subfield code="u">https://www.revistas.usp.br/actafisiatrica/article/view/103353</subfield>
</datafield>  <datafield tag="786" ind1="0" ind2=" ">
<subfield code="n">Acta Fisiátrica; v. 17 n. 3 (2010)</subfield>
</datafield>  <datafield tag="546" ind1=" " ind2=" ">
<subfield code="a">eng</subfield>
</datafield>   <datafield tag="540" ind1=" " ind2=" ">
<subfield code="a">Copyright (c) 2010 Acta Fisiátrica</subfield>
</datafield>
</record>
</metadata>
</record>