
<record>
<header>
<identifier>oai:revistas.usp.br:article/103359</identifier>
<datestamp>2019-09-30T11:50:29Z</datestamp>
<setSpec>actafisiatrica:Art.+Orig.</setSpec>
<setSpec>driver</setSpec>
</header>
<metadata>
<record xmlns="http://www.loc.gov/MARC21/slim" xmlns:xsi="http://www.w3.org/2001/XMLSchema-instance" xsi:schemaLocation="http://www.loc.gov/MARC21/slim http://www.loc.gov/standards/marcxml/schema/MARC21slim.xsd">
<leader>     nmb a2200000Iu 4500</leader>
<controlfield tag="008">"100909 2010                        eng  "</controlfield>
<datafield tag="022" ind1="#" ind2="#">
<subfield code="$a">2317-0190</subfield>
</datafield>
<datafield tag="022" ind1="#" ind2="#">
<subfield code="$a">0104-7795</subfield>
</datafield>
<datafield tag="042" ind1=" " ind2=" ">
<subfield code="a">dc</subfield>
</datafield>
<datafield tag="245" ind1="0" ind2="0">
<subfield code="a">O olhar do usuário sobre o acolhimento em um serviço de reabilitação</subfield>
</datafield>  <datafield tag="720" ind1="1" ind2=" ">
<subfield code="a">Cruz, Sirlaine Vieira da</subfield>
<subfield code="u">Fundação Hospitalar do Estado de Minas Gerais</subfield></datafield>
<datafield tag="720" ind1="1" ind2=" ">
<subfield code="a">Ribeiro, Liliane Dias</subfield>
<subfield code="u">Fundação Hospitalar do Estado de Minas Gerais</subfield></datafield>
<datafield tag="720" ind1="1" ind2=" ">
<subfield code="a">Cabral, Lúcia Helena de Assis</subfield>
<subfield code="u">Fundação Hospitalar do Estado de Minas Gerais</subfield></datafield>
<datafield tag="720" ind1="1" ind2=" ">
<subfield code="a">Sampaio, Rosana Ferreira</subfield>
<subfield code="u">Universidade Federal de Minas Gerais</subfield></datafield>
<datafield tag="520" ind1=" " ind2=" ">
<subfield code="a"> The new healthcare measures proposed by the Brazilian National Humanization Policy stress the patients’ welcoming, which constantly seeks to recognize the needs of clients and the forms of satisfying these needs. Studies have demonstrated the importance of humanized care, in which listening to the client is a valuable tool for assessing the efficacy of the service of-fered to a particular population. The aim of the present study was to describe how clients per-ceive the manner in which they are received at a hand rehabilitation clinic and to analyze the most important factors. A qualitative approach was adopted, with semistructured interviews in which clients were asked about how they were received at the clinic in terms of access, posture, and technique. Content analysis consisted of arranging, classifying and analyzing the results. Twelve patients from a public hospital in the city of Belo Horizonte, Minas Gerais, Brazil, participated in the study. The patients considered good reception to be the most hu-manized manner of being received–– with care, politeness, and fondness. Communication between therapist and client proved to be important in building a trusting relationship, generating client satisfaction and favoring progress in the treatment. It was evident that a warm reception was a valuable therapeutic instrument for the rehabilitation professional. Having listening skills and revealing oneself to be sensitive to the needs of the client helps reduce the natural fear and anxiety experienced at the beginning of physical therapy treatment and facili-tates the entire process. </subfield>
</datafield>
<datafield tag="260" ind1=" " ind2=" ">
<subfield code="b">Faculdade de Medicina, Universidade de São Paulo</subfield>
</datafield>
<dataField tag="260" ind1=" " ind2=" ">
<subfield code="c">2010-09-09 00:00:00</subfield>
</dataField>   <datafield tag="856" ind1=" " ind2=" ">
<subfield code="q">application/pdf</subfield>
</datafield>
<datafield tag="856" ind1=" " ind2=" ">
<subfield code="q">application/pdf</subfield>
</datafield>
<datafield tag="856" ind1="4" ind2="0">
<subfield code="u">https://www.revistas.usp.br/actafisiatrica/article/view/103359</subfield>
</datafield>  <datafield tag="786" ind1="0" ind2=" ">
<subfield code="n">Acta Fisiátrica; v. 17 n. 3 (2010)</subfield>
</datafield>  <datafield tag="546" ind1=" " ind2=" ">
<subfield code="a">eng</subfield>
</datafield>   <datafield tag="540" ind1=" " ind2=" ">
<subfield code="a">Copyright (c) 2010 Acta Fisiátrica</subfield>
</datafield>
</record>
</metadata>
</record>