
<record>
<header>
<identifier>oai:revistas.usp.br:article/103364</identifier>
<datestamp>2019-09-30T11:54:53Z</datestamp>
<setSpec>actafisiatrica:Art.+Orig.</setSpec>
<setSpec>driver</setSpec>
</header>
<metadata>
<record xmlns="http://www.loc.gov/MARC21/slim" xmlns:xsi="http://www.w3.org/2001/XMLSchema-instance" xsi:schemaLocation="http://www.loc.gov/MARC21/slim http://www.loc.gov/standards/marcxml/schema/MARC21slim.xsd">
<leader>     nmb a2200000Iu 4500</leader>
<controlfield tag="008">"100909 2010                        eng  "</controlfield>
<datafield tag="022" ind1="#" ind2="#">
<subfield code="$a">2317-0190</subfield>
</datafield>
<datafield tag="022" ind1="#" ind2="#">
<subfield code="$a">0104-7795</subfield>
</datafield>
<datafield tag="042" ind1=" " ind2=" ">
<subfield code="a">dc</subfield>
</datafield>
<datafield tag="245" ind1="0" ind2="0">
<subfield code="a">Terapia com caixa de espelhos na síndrome dolorosa regional complexa tipo I</subfield>
</datafield>  <datafield tag="720" ind1="1" ind2=" ">
<subfield code="a">Gaspar, Ana Teresa</subfield>
<subfield code="u">Hospital de Braga, Portugal</subfield></datafield>
<datafield tag="720" ind1="1" ind2=" ">
<subfield code="a">Castro, André</subfield>
<subfield code="u">Hospital de Braga, Portugal</subfield></datafield>
<datafield tag="720" ind1="1" ind2=" ">
<subfield code="a">Antunes, Filipe</subfield>
<subfield code="u">Hospital de Braga, Portugal</subfield></datafield>
<datafield tag="520" ind1=" " ind2=" ">
<subfield code="a"> Complex regional pain syndrome (CRPS) type I is a neuropathic pain condition, commonly affecting a limb extremity after a traumatic event and/or a period of immobilization, in the absence of nerve injury. Besides pain, the clinical features include regional vasomotor alterations and usually a decreased range of motion in the affected extremity. Its actual cause remains somewhat obscure and there are few agreements on optimal treatment. The mirror box is a therapeutic approach based on visual feedback as a way to achieve a new mental imagery of the affected limb by promoting cortical reorganization. This approach has been used for the motor recovery or pain relief in conditions such as stroke or type-I CRPS. </subfield>
</datafield>
<datafield tag="260" ind1=" " ind2=" ">
<subfield code="b">Faculdade de Medicina, Universidade de São Paulo</subfield>
</datafield>
<dataField tag="260" ind1=" " ind2=" ">
<subfield code="c">2010-09-09 00:00:00</subfield>
</dataField>   <datafield tag="856" ind1=" " ind2=" ">
<subfield code="q">application/pdf</subfield>
</datafield>
<datafield tag="856" ind1=" " ind2=" ">
<subfield code="q">application/pdf</subfield>
</datafield>
<datafield tag="856" ind1="4" ind2="0">
<subfield code="u">https://www.revistas.usp.br/actafisiatrica/article/view/103364</subfield>
</datafield>  <datafield tag="786" ind1="0" ind2=" ">
<subfield code="n">Acta Fisiátrica; v. 17 n. 3 (2010)</subfield>
</datafield>  <datafield tag="546" ind1=" " ind2=" ">
<subfield code="a">eng</subfield>
</datafield>   <datafield tag="540" ind1=" " ind2=" ">
<subfield code="a">Copyright (c) 2010 Acta Fisiátrica</subfield>
</datafield>
</record>
</metadata>
</record>