
<record>
<header>
<identifier>oai:revistas.usp.br:article/103369</identifier>
<datestamp>2019-11-22T20:13:15Z</datestamp>
<setSpec>actafisiatrica:Tend.+Refle.</setSpec>
<setSpec>driver</setSpec>
</header>
<metadata>
<record xmlns="http://www.loc.gov/MARC21/slim" xmlns:xsi="http://www.w3.org/2001/XMLSchema-instance" xsi:schemaLocation="http://www.loc.gov/MARC21/slim http://www.loc.gov/standards/marcxml/schema/MARC21slim.xsd">
<leader>     nmb a2200000Iu 4500</leader>
<controlfield tag="008">"100909 2010                        eng  "</controlfield>
<datafield tag="022" ind1="#" ind2="#">
<subfield code="$a">2317-0190</subfield>
</datafield>
<datafield tag="022" ind1="#" ind2="#">
<subfield code="$a">0104-7795</subfield>
</datafield>
<datafield tag="042" ind1=" " ind2=" ">
<subfield code="a">dc</subfield>
</datafield>
<datafield tag="245" ind1="0" ind2="0">
<subfield code="a">Sobre o processo de triagem em centros de reabilitação</subfield>
</datafield>  <datafield tag="720" ind1="1" ind2=" ">
<subfield code="a">Riberto, Marcelo</subfield>
<subfield code="u">Instituto de Reabilitação Lucy Montoro, Unidade Ribeirão Preto</subfield><subfield code="0">https://orcid.org/0000-0001-9549-8830</subfield></datafield>
<datafield tag="720" ind1="1" ind2=" ">
<subfield code="a">Jucá, Sueli Satie Hamada</subfield>
<subfield code="u">Instituto de Reabilitação Lucy Montoro</subfield></datafield>
<datafield tag="720" ind1="1" ind2=" ">
<subfield code="a">Miyazaki, Margarida Harumi</subfield>
<subfield code="u">Universidade de São Paulo. Faculdade de Medicina</subfield></datafield>
<datafield tag="720" ind1="1" ind2=" ">
<subfield code="a">Battistella, Linamara Rizzo</subfield>
<subfield code="u">Universidade de São Paulo. Faculdade de Medicina</subfield><subfield code="0">https://orcid.org/0000-0001-5275-0733</subfield></datafield>
<datafield tag="520" ind1=" " ind2=" ">
<subfield code="a"> O processo de triagem em centros de reabilitação consiste numa avaliação das condições do paciente potencial usuário dos serviços prestados nessas unidades do sistema de saúde. Em geral ela ocorre no primeiro contato com a equipe clínica. Por meio de agendamento, o paciente é submetido a entrevista com um médico, um assistente social e um psicólogo num só momento, onde são verificadas as condições clínicas, aspectos de dinâmica de relacionamento e psicopatológicos, bem como requisitos sociais para participação regular e supervisionada nas atividades propostas. O objetivo do processo de triagem não é obstruir o acesso de qualquer pessoa aos serviços disponíveis, mas sim direcionar o potencial usuário para a forma mais ágil de atendimento ou mais apropriada às suas necessidades. Ao final do processo de triagem o paciente pode ser eleito para intervenção multiprofissional em vários dias da semana, outras alternativas de intervenção, seja terapêuticas ou de orientação, com recrutamento de número diferente de profissionais ou contatos semanais. Considerando a realidade de reabilitação no Brasil, que não contempla a internação, pode-se esperar um aproveitamento integral do programa de reabilitação somente em condições otimizadas. Os recursos para reabilitação não são ilimitados, assim, a sua otimização é necessária e o processo de triagem viabiliza o melhor aproveitamento desses recursos, e uma distribuição mais justa e ética dos mesmos. </subfield>
</datafield>
<datafield tag="260" ind1=" " ind2=" ">
<subfield code="b">Faculdade de Medicina, Universidade de São Paulo</subfield>
</datafield>
<dataField tag="260" ind1=" " ind2=" ">
<subfield code="c">2010-09-09 00:00:00</subfield>
</dataField>   <datafield tag="856" ind1=" " ind2=" ">
<subfield code="q">application/pdf</subfield>
</datafield>
<datafield tag="856" ind1=" " ind2=" ">
<subfield code="q">application/pdf</subfield>
</datafield>
<datafield tag="856" ind1="4" ind2="0">
<subfield code="u">https://www.revistas.usp.br/actafisiatrica/article/view/103369</subfield>
</datafield>  <datafield tag="786" ind1="0" ind2=" ">
<subfield code="n">Acta Fisiátrica; v. 17 n. 3 (2010)</subfield>
</datafield>  <datafield tag="546" ind1=" " ind2=" ">
<subfield code="a">por</subfield>
</datafield>   <datafield tag="540" ind1=" " ind2=" ">
<subfield code="a">Copyright (c) 2010 Acta Fisiátrica</subfield>
</datafield>
</record>
</metadata>
</record>