
<record>
<header>
<identifier>oai:revistas.usp.br:article/103374</identifier>
<datestamp>2019-09-30T12:06:03Z</datestamp>
<setSpec>actafisiatrica:Art.+Rev.</setSpec>
<setSpec>driver</setSpec>
</header>
<metadata>
<record xmlns="http://www.loc.gov/MARC21/slim" xmlns:xsi="http://www.w3.org/2001/XMLSchema-instance" xsi:schemaLocation="http://www.loc.gov/MARC21/slim http://www.loc.gov/standards/marcxml/schema/MARC21slim.xsd">
<leader>     nmb a2200000Iu 4500</leader>
<controlfield tag="008">"100909 2010                        eng  "</controlfield>
<datafield tag="022" ind1="#" ind2="#">
<subfield code="$a">2317-0190</subfield>
</datafield>
<datafield tag="022" ind1="#" ind2="#">
<subfield code="$a">0104-7795</subfield>
</datafield>
<datafield tag="042" ind1=" " ind2=" ">
<subfield code="a">dc</subfield>
</datafield>
<datafield tag="245" ind1="0" ind2="0">
<subfield code="a">Técnicas de avaliação proprioceptiva do ligamento cruzado anterior do joelho</subfield>
</datafield>  <datafield tag="720" ind1="1" ind2=" ">
<subfield code="a">Alonso, Angélica Castilho</subfield>
<subfield code="u">Universidade de São Paulo. Faculdade de Medicina</subfield></datafield>
<datafield tag="720" ind1="1" ind2=" ">
<subfield code="a">Brech, Guilherme Carlos</subfield>
<subfield code="u">Universidade de São Paulo. Faculdade de Medicina</subfield></datafield>
<datafield tag="720" ind1="1" ind2=" ">
<subfield code="a">Greve, Julia Maria D’Andréa</subfield>
<subfield code="u">Universidade de São Paulo. Faculdade de Medicina</subfield></datafield>
<datafield tag="520" ind1=" " ind2=" ">
<subfield code="a"> The increasing interest in sports activities, combined with the knee’s anatomical vulnerability and complexity, justifies the increasing number of patients with ligament injuries, especially the anterior cruciate ligament (ACL). What then would be the best way to evaluate the knee proprioception? The objective of this study was to identify the techniques of proprioceptive evaluation of the anterior cruciate knee ligament (ACL), and to determine whether a better technique is available. The method was to review the literature, including only those studies published in indexed scientific journals that referred to evaluation tools and/or knee proprioception measurement. The discussion of the different methods of evaluating ACL proprioception, according to the literature, included: morphological anatomical studies; neurophysiologic evaluation, and clinical evaluation which was divided into three types: a) sense of static position; b) kinesthetic posture; and c) postural balance. Although proprioception is important to the final results of a treatment involving ligament injury, its evaluation is still a problem. The conclusion was that the ideal method should have high sensitivity and specificity, in addition to good reproducibility and accuracy. There is lack of consensus in literature regarding the best evaluation technique and the results are also contradictory, despite the balance evaluation being a modern technique used in major research centers, it was not possible to isolate the proprioceptive system from other systems: visual and vestibular. </subfield>
</datafield>
<datafield tag="260" ind1=" " ind2=" ">
<subfield code="b">Faculdade de Medicina, Universidade de São Paulo</subfield>
</datafield>
<dataField tag="260" ind1=" " ind2=" ">
<subfield code="c">2010-09-09 00:00:00</subfield>
</dataField>   <datafield tag="856" ind1=" " ind2=" ">
<subfield code="q">application/pdf</subfield>
</datafield>
<datafield tag="856" ind1=" " ind2=" ">
<subfield code="q">application/pdf</subfield>
</datafield>
<datafield tag="856" ind1="4" ind2="0">
<subfield code="u">https://www.revistas.usp.br/actafisiatrica/article/view/103374</subfield>
</datafield>  <datafield tag="786" ind1="0" ind2=" ">
<subfield code="n">Acta Fisiátrica; v. 17 n. 3 (2010)</subfield>
</datafield>  <datafield tag="546" ind1=" " ind2=" ">
<subfield code="a">eng</subfield>
</datafield>   <datafield tag="540" ind1=" " ind2=" ">
<subfield code="a">Copyright (c) 2010 Acta Fisiátrica</subfield>
</datafield>
</record>
</metadata>
</record>