
<record>
<header>
<identifier>oai:revistas.usp.br:article/103378</identifier>
<datestamp>2019-11-26T15:39:28Z</datestamp>
<setSpec>actafisiatrica:Art.+Orig.</setSpec>
<setSpec>driver</setSpec>
</header>
<metadata>
<record xmlns="http://www.loc.gov/MARC21/slim" xmlns:xsi="http://www.w3.org/2001/XMLSchema-instance" xsi:schemaLocation="http://www.loc.gov/MARC21/slim http://www.loc.gov/standards/marcxml/schema/MARC21slim.xsd">
<leader>     nmb a2200000Iu 4500</leader>
<controlfield tag="008">"101209 2010                        eng  "</controlfield>
<datafield tag="022" ind1="#" ind2="#">
<subfield code="$a">2317-0190</subfield>
</datafield>
<datafield tag="022" ind1="#" ind2="#">
<subfield code="$a">0104-7795</subfield>
</datafield>
<datafield tag="042" ind1=" " ind2=" ">
<subfield code="a">dc</subfield>
</datafield>
<datafield tag="245" ind1="0" ind2="0">
<subfield code="a">Investigação dos efeitos do exercício terapêutico sobre a regeneração nervosa periférica</subfield>
</datafield>  <datafield tag="720" ind1="1" ind2=" ">
<subfield code="a">Possamai, Fernanda</subfield>
<subfield code="u">Universidade Regional de Blumenau</subfield></datafield>
<datafield tag="720" ind1="1" ind2=" ">
<subfield code="a">Siepko, Cristiane Márcia</subfield>
<subfield code="u">Laboratório de Fisioterapia Neurológica Experimental</subfield></datafield>
<datafield tag="720" ind1="1" ind2=" ">
<subfield code="a">André, Edison Sanfelice</subfield>
<subfield code="u">Universidade Regional de Blumenau</subfield></datafield>
<datafield tag="520" ind1=" " ind2=" ">
<subfield code="a"> O sistema nervoso periférico apresenta relativa capacidade de rege- neração após uma lesão. Após a axonotmese o nervo ciático produz respostas morfo-funcionais, no músculo alvo, no epicentro da lesão e alguns distritos neuronais retrógrados. Apesar dos avanços terapêuti- cos, a restauração funcional é incompleta na maioria dos casos. Neste contexto, nós testamos se o exercício (nado) é capaz de interferir na marcha funcional e reações de plasticidade nos motoneurônios da medula espinhal. Quarenta ratos foram divididos em quatro grupos (n=10 cada), submetidos a 30 min/dia de nado, iniciando no 1, 7, 14, 21 dias após lesão do nervo ciático. Todos os grupos apresentaram recuperação funcional, não observamos diferenças significantes nos números de motoneurônios da medula espinhal entre os diferentes grupos estudados. De acordo com a análise funcional e histológica, o exercício terapêutico, nas condições do presente estudo, foi incapaz de acelerar o processo regenerativo. </subfield>
</datafield>
<datafield tag="260" ind1=" " ind2=" ">
<subfield code="b">Faculdade de Medicina, Universidade de São Paulo</subfield>
</datafield>
<dataField tag="260" ind1=" " ind2=" ">
<subfield code="c">2010-12-09 00:00:00</subfield>
</dataField>   <datafield tag="856" ind1=" " ind2=" ">
<subfield code="q">application/pdf</subfield>
</datafield>
<datafield tag="856" ind1="4" ind2="0">
<subfield code="u">https://www.revistas.usp.br/actafisiatrica/article/view/103378</subfield>
</datafield>  <datafield tag="786" ind1="0" ind2=" ">
<subfield code="n">Acta Fisiátrica; v. 17 n. 4 (2010)</subfield>
</datafield>  <datafield tag="546" ind1=" " ind2=" ">
<subfield code="a">por</subfield>
</datafield>   <datafield tag="540" ind1=" " ind2=" ">
<subfield code="a">Copyright (c) 2010 Acta Fisiátrica</subfield>
</datafield>
</record>
</metadata>
</record>