
<record>
<header>
<identifier>oai:revistas.usp.br:article/103380</identifier>
<datestamp>2019-11-26T15:39:28Z</datestamp>
<setSpec>actafisiatrica:Art.+Orig.</setSpec>
<setSpec>driver</setSpec>
</header>
<metadata>
<record xmlns="http://www.loc.gov/MARC21/slim" xmlns:xsi="http://www.w3.org/2001/XMLSchema-instance" xsi:schemaLocation="http://www.loc.gov/MARC21/slim http://www.loc.gov/standards/marcxml/schema/MARC21slim.xsd">
<leader>     nmb a2200000Iu 4500</leader>
<controlfield tag="008">"101209 2010                        eng  "</controlfield>
<datafield tag="022" ind1="#" ind2="#">
<subfield code="$a">2317-0190</subfield>
</datafield>
<datafield tag="022" ind1="#" ind2="#">
<subfield code="$a">0104-7795</subfield>
</datafield>
<datafield tag="042" ind1=" " ind2=" ">
<subfield code="a">dc</subfield>
</datafield>
<datafield tag="245" ind1="0" ind2="0">
<subfield code="a">Prevalência de lombalgia em trabalhadores submetidos ao programa de Reabilitação Profissional do Instituto Nacional do Seguro Social (INSS), São Luís, MA</subfield>
</datafield>  <datafield tag="720" ind1="1" ind2=" ">
<subfield code="a">Abreu, Ana Teresa de Jesus Brito de</subfield>
<subfield code="u">Instituto Nacional do Seguro Social - INSS</subfield></datafield>
<datafield tag="720" ind1="1" ind2=" ">
<subfield code="a">Ribeiro, Camila Almeida Bezerra</subfield>
<subfield code="u">Instituto Nacional do Seguro Social - INSS</subfield></datafield>
<datafield tag="520" ind1=" " ind2=" ">
<subfield code="a"> O presente estudo avalia a prevalência de lombalgia na população de trabalhadores inseridos no Programa de Reabilitação Profissional do Instituto Nacional do Seguro Social (INSS), na cidade de São Luís/ MA. Este programa apresenta como funções básicas a avaliação do potencial laborativo e a definição da real capacidade de retorno ao trabalho dos segurados atendendo aproximadamente 400 pessoas por mês. Através dos registros em prontuários, foi realizado um es- tudo de corte transversal retrospectivo em que foram separados 264 prontuários, válidos de 1995 a 2009, de trabalhadores afastados do trabalho e ainda com vínculo empregatício. Aqueles apresentados como desempregados foram excluídos do trabalho. Dessa amostra, selecionou-se somente os trabalhadores com diagnóstico de lombal- gia, totalizando 88 prontuários, em que foram encontrados 83 casos do sexo masculino (94,3%), média de idade de 41 anos, variando de 24 a 53 anos. A prevalência de lombalgia foi de 33,3% em relação aos diagnósticos encontrados na amostra inicial. Observou-se que em sua maioria, a amostra era composta por trabalhadores casados, com bai- xa escolaridade, do sexo masculino, em idade produtiva e afastados do trabalho há mais de um ano, associada à realização de atividades profissionais às quais exigem postura estática, movimentos repetiti- vos e carregamento de peso. </subfield>
</datafield>
<datafield tag="260" ind1=" " ind2=" ">
<subfield code="b">Faculdade de Medicina, Universidade de São Paulo</subfield>
</datafield>
<dataField tag="260" ind1=" " ind2=" ">
<subfield code="c">2010-12-09 00:00:00</subfield>
</dataField>   <datafield tag="856" ind1=" " ind2=" ">
<subfield code="q">application/pdf</subfield>
</datafield>
<datafield tag="856" ind1="4" ind2="0">
<subfield code="u">https://www.revistas.usp.br/actafisiatrica/article/view/103380</subfield>
</datafield>  <datafield tag="786" ind1="0" ind2=" ">
<subfield code="n">Acta Fisiátrica; v. 17 n. 4 (2010)</subfield>
</datafield>  <datafield tag="546" ind1=" " ind2=" ">
<subfield code="a">por</subfield>
</datafield>   <datafield tag="540" ind1=" " ind2=" ">
<subfield code="a">Copyright (c) 2010 Acta Fisiátrica</subfield>
</datafield>
</record>
</metadata>
</record>