
<record>
<header>
<identifier>oai:revistas.usp.br:article/103382</identifier>
<datestamp>2019-11-26T15:39:28Z</datestamp>
<setSpec>actafisiatrica:Art.+Orig.</setSpec>
<setSpec>driver</setSpec>
</header>
<metadata>
<record xmlns="http://www.loc.gov/MARC21/slim" xmlns:xsi="http://www.w3.org/2001/XMLSchema-instance" xsi:schemaLocation="http://www.loc.gov/MARC21/slim http://www.loc.gov/standards/marcxml/schema/MARC21slim.xsd">
<leader>     nmb a2200000Iu 4500</leader>
<controlfield tag="008">"101209 2010                        eng  "</controlfield>
<datafield tag="022" ind1="#" ind2="#">
<subfield code="$a">2317-0190</subfield>
</datafield>
<datafield tag="022" ind1="#" ind2="#">
<subfield code="$a">0104-7795</subfield>
</datafield>
<datafield tag="042" ind1=" " ind2=" ">
<subfield code="a">dc</subfield>
</datafield>
<datafield tag="245" ind1="0" ind2="0">
<subfield code="a">Uso de testes clínicos para verificação do controle postural em idosos saudáveis submetidos a programas de exercícios físicos</subfield>
</datafield>  <datafield tag="720" ind1="1" ind2=" ">
<subfield code="a">Alfieri, Fábio Marcon</subfield>
<subfield code="u">Centro Universitário Adventista de São Paulo</subfield></datafield>
<datafield tag="720" ind1="1" ind2=" ">
<subfield code="a">Riberto, Marcelo</subfield>
<subfield code="u">Universidade de São Paulo. Faculdade de Medicina de Ribeirão Preto</subfield></datafield>
<datafield tag="720" ind1="1" ind2=" ">
<subfield code="a">Gatz, Lucila Silveira</subfield>
</datafield>
<datafield tag="720" ind1="1" ind2=" ">
<subfield code="a">Ribeiro, Carla Paschoal Corsi</subfield>
<subfield code="u">Universidade de São Paulo. Faculdade de Medicina</subfield></datafield>
<datafield tag="720" ind1="1" ind2=" ">
<subfield code="a">Battistella, Linamara Rizzo</subfield>
<subfield code="u">Universidade de São Paulo. Faculdade de Medicina</subfield><subfield code="0">https://orcid.org/0000-0001-5275-0733</subfield></datafield>
<datafield tag="520" ind1=" " ind2=" ">
<subfield code="a"> O controle postural no envelhecimento diminui e a prática de exercícios físicos pode melhorar esta importante função. A fim de medir estas possíveis melhoras, podem ser usados diversos testes. O objetivo deste estudo foi o de analisar o uso de testes clínicos de medidas indiretas para verificar as alterações sobre o controle postural de idosos saudáveis submetidos a programas de exercícios físicos. O desenho do estudo foi um ensaio clínico simples-cego e aleatorizado com braços paralelos. Participaram da pesquisa 46 idosos divididos aleatoriamente em dois grupos de exercícios: multissensoriais (GMS, n=23, 68,8±5,9 anos) e de fortalecimento (treino resistido) (GR, n=23, 70,18±4,8). Ambos os grupos realizaram 12 semanas (2dias/semana, 50m/dia) de exercícios. Para avaliação do controle postural foram utilizados os testes: Timed up and go (TUG), teste de apoio unipodal, bateria de testes de Guralnik e escala de equilíbrio funcional de Berg. Os indivíduos do GMS apresentaram melhora significativa nos testes TUG e bateria de testes de Guralnik e o GR não apresentou melhora em nenhum dos testes. A melhora no tempo de execução do teste TUG do GMS que foi de 9,1±8,04 para 8,0±1,0 segundos após a intervenção, foi estatisticamente superior ao resultado do GR. Acreditamos que o teste TUG e a bateria de testes de Guralnik são boas opções para avaliar o controle postural de idosos submetidos a programas de intervenção. Embora o TUG não possa ter seu tempo diminuído indefinidamente, permite verificar até mesmo dentro de um tempo de normalidade, alterações promovidas por exercícios físicos. </subfield>
</datafield>
<datafield tag="260" ind1=" " ind2=" ">
<subfield code="b">Faculdade de Medicina, Universidade de São Paulo</subfield>
</datafield>
<dataField tag="260" ind1=" " ind2=" ">
<subfield code="c">2010-12-09 00:00:00</subfield>
</dataField>   <datafield tag="856" ind1=" " ind2=" ">
<subfield code="q">application/pdf</subfield>
</datafield>
<datafield tag="856" ind1="4" ind2="0">
<subfield code="u">https://www.revistas.usp.br/actafisiatrica/article/view/103382</subfield>
</datafield>  <datafield tag="786" ind1="0" ind2=" ">
<subfield code="n">Acta Fisiátrica; v. 17 n. 4 (2010)</subfield>
</datafield>  <datafield tag="546" ind1=" " ind2=" ">
<subfield code="a">por</subfield>
</datafield>   <datafield tag="540" ind1=" " ind2=" ">
<subfield code="a">Copyright (c) 2010 Acta Fisiátrica</subfield>
</datafield>
</record>
</metadata>
</record>