
<record>
<header>
<identifier>oai:revistas.usp.br:article/103383</identifier>
<datestamp>2019-11-26T15:39:28Z</datestamp>
<setSpec>actafisiatrica:Art.+Orig.</setSpec>
<setSpec>driver</setSpec>
</header>
<metadata>
<record xmlns="http://www.loc.gov/MARC21/slim" xmlns:xsi="http://www.w3.org/2001/XMLSchema-instance" xsi:schemaLocation="http://www.loc.gov/MARC21/slim http://www.loc.gov/standards/marcxml/schema/MARC21slim.xsd">
<leader>     nmb a2200000Iu 4500</leader>
<controlfield tag="008">"101209 2010                        eng  "</controlfield>
<datafield tag="022" ind1="#" ind2="#">
<subfield code="$a">2317-0190</subfield>
</datafield>
<datafield tag="022" ind1="#" ind2="#">
<subfield code="$a">0104-7795</subfield>
</datafield>
<datafield tag="042" ind1=" " ind2=" ">
<subfield code="a">dc</subfield>
</datafield>
<datafield tag="245" ind1="0" ind2="0">
<subfield code="a">Biofeedback eletromiográfico e parâmetros da dinamometria isocinética de joelho e tornozelo de jogadores de futebol amador</subfield>
</datafield>  <datafield tag="720" ind1="1" ind2=" ">
<subfield code="a">Baron, Carina Elias</subfield>
<subfield code="u">Centro de Reabilitação Dr. Bernard Brucker, Centro Universitário Sant’Anna - UniSant’Anna</subfield></datafield>
<datafield tag="720" ind1="1" ind2=" ">
<subfield code="a">Secchi, Leonardo Luiz Barretti</subfield>
<subfield code="u">Laboratório de Estudo do Movimento do Instituto de Ortopedia e Traumatologia - Hospital das Clínicas da Faculdade de Medicina da Universidade de São Paulo</subfield></datafield>
<datafield tag="720" ind1="1" ind2=" ">
<subfield code="a">Greve, Júlia Maria D´Andréa</subfield>
<subfield code="u">Laboratório de Estudo do Movimento do Instituto de Ortopedia e Traumatologia - Hospital das Clínicas da Faculdade de Medicina da Universidade de São Paulo</subfield></datafield>
<datafield tag="720" ind1="1" ind2=" ">
<subfield code="a">Lima, Vasthi Oliveira de</subfield>
<subfield code="u">Centro de Reabilitação Dr. Bernard Brucker, Centro Universitário Sant’Anna - UniSant’Anna</subfield></datafield>
<datafield tag="720" ind1="1" ind2=" ">
<subfield code="a">Carvalho, Viviane Ribeiro</subfield>
<subfield code="u">Centro de Reabilitação Dr. Bernard Brucker, Centro Universitário Sant’Anna - UniSant’Anna</subfield></datafield>
<datafield tag="520" ind1=" " ind2=" ">
<subfield code="a"> A eletromiografia tem sido utilizada para avaliar o con- trole voluntário da atividade muscular. Dentre as técnicas destaca-se o biofeedback eletromiográfico como facilitador do aprendizado neuromotor, inclusive na prática esportiva. Objetivo: Analisar o efeito do biofeedback eletromiográfico nos parâmetros isocinéticos dos fle- xores e extensores do joelho e inversores e eversores do tornozelo em jogadores de futebol amador. Casuística: 14 atletas de futebol amador do gênero masculino randomizados em dois grupos: Gru- po Treino (GT) - sete atletas, idade de 23 ± 2 (22 e 28) anos, massa corpórea 75,7 ± 4,0(72 e 80) kg , estatura 182 ± 4 (176 e 188) cm e Grupo Controle (GC) - sete atletas com idade 24 ± 2 (21 e 28) anos, massa corpórea 72,3± 9,4 (59 e 79) kg, estatura 175± 5 (169 e 180) cm. Método: Todos os atletas foram avaliados por um protocolo clínico: anamnese, incidência de lesões e escala visual análoga de dor e foram submetidos à dinamometria isocinética dos inversores e eversores do tornozelo e flexores e extensores do joelho. O GT realizou 12 sessões de biofeedback eletromiográfico, uma vez por semana. No final das sessões, todos os atletas foram reavaliados. Resultados: Na velocidade de 30º/ seg., o pico de torque 0,18 segundos (PT 0,18s) dos eversores do tornozelo foi maior no GT e no joelho, na velocidade de 60º/seg. o PT 0,18s dos flexores de joelho foram maiores no GT. Conclusão: O biofeedback eletromiográfico melhorou os parâmetros isocinéticos dos jogadores de futebol amador. </subfield>
</datafield>
<datafield tag="260" ind1=" " ind2=" ">
<subfield code="b">Faculdade de Medicina, Universidade de São Paulo</subfield>
</datafield>
<dataField tag="260" ind1=" " ind2=" ">
<subfield code="c">2010-12-09 00:00:00</subfield>
</dataField>   <datafield tag="856" ind1=" " ind2=" ">
<subfield code="q">application/pdf</subfield>
</datafield>
<datafield tag="856" ind1="4" ind2="0">
<subfield code="u">https://www.revistas.usp.br/actafisiatrica/article/view/103383</subfield>
</datafield>  <datafield tag="786" ind1="0" ind2=" ">
<subfield code="n">Acta Fisiátrica; v. 17 n. 4 (2010)</subfield>
</datafield>  <datafield tag="546" ind1=" " ind2=" ">
<subfield code="a">por</subfield>
</datafield>   <datafield tag="540" ind1=" " ind2=" ">
<subfield code="a">Copyright (c)  </subfield>
</datafield>
</record>
</metadata>
</record>