
<record>
<header>
<identifier>oai:revistas.usp.br:article/103385</identifier>
<datestamp>2019-11-26T15:45:26Z</datestamp>
<setSpec>actafisiatrica:Art.+Orig.</setSpec>
<setSpec>driver</setSpec>
</header>
<metadata>
<record xmlns="http://www.loc.gov/MARC21/slim" xmlns:xsi="http://www.w3.org/2001/XMLSchema-instance" xsi:schemaLocation="http://www.loc.gov/MARC21/slim http://www.loc.gov/standards/marcxml/schema/MARC21slim.xsd">
<leader>     nmb a2200000Iu 4500</leader>
<controlfield tag="008">"101209 2010                        eng  "</controlfield>
<datafield tag="022" ind1="#" ind2="#">
<subfield code="$a">2317-0190</subfield>
</datafield>
<datafield tag="022" ind1="#" ind2="#">
<subfield code="$a">0104-7795</subfield>
</datafield>
<datafield tag="042" ind1=" " ind2=" ">
<subfield code="a">dc</subfield>
</datafield>
<datafield tag="245" ind1="0" ind2="0">
<subfield code="a">Adaptação da pessoa após acidente vascular encefálico e seu cuidador: ambiente domiciliar, cadeira de rodas e de banho</subfield>
</datafield>  <datafield tag="720" ind1="1" ind2=" ">
<subfield code="a">Garanhani, Márcia Regina</subfield>
<subfield code="u">Universidade Estadual de Londrina</subfield></datafield>
<datafield tag="720" ind1="1" ind2=" ">
<subfield code="a">Alves, Jaqueline Frazão</subfield>
<subfield code="u">Universidade Estadual de Londrina</subfield></datafield>
<datafield tag="720" ind1="1" ind2=" ">
<subfield code="a">Fugisawa, Dirce Shizuko</subfield>
<subfield code="u">Universidade Estadual de Londrina</subfield></datafield>
<datafield tag="720" ind1="1" ind2=" ">
<subfield code="a">Garanhani, Mara Lúcia</subfield>
<subfield code="u">Universidade Estadual de Londrina</subfield></datafield>
<datafield tag="520" ind1=" " ind2=" ">
<subfield code="a"> O acidente vascular encefálico causa incapacidade funcional. O envolvimento dos familiares influencia na recuperação dos pacientes e as barreiras arquitetônicas no domicílio dificultam a acessibilidade. O estudo qualitativo procurou identificar as dificuldades das pessoas após o acidente vascular encefálico em relação às barreiras arquitetônicas, ao manuseio da cadeira de rodas e de banho, por meio de entrevista semi-estruturada e roteiro de medidas de acessibilidade. Nove pacientes e seus cuidadores foram entrevistados e da análise dos discursos emergiram três categorias empíricas: acessibilidade andando, acessibilidade com a cadeira de rodas e de banho e o papel das orientações. As principais barreiras encontradas foram os corredores estreitos e circulação interna inadequada. As barreiras arquitetônicas dificultam o uso da cadeira de rodas e de banho no domicílio, sobrecarregando os cuidadores. O conhecimento da realidade destas pessoas facilita programas de orientações de atividades de vida diária centradas na realidade. </subfield>
</datafield>
<datafield tag="260" ind1=" " ind2=" ">
<subfield code="b">Faculdade de Medicina, Universidade de São Paulo</subfield>
</datafield>
<dataField tag="260" ind1=" " ind2=" ">
<subfield code="c">2010-12-09 00:00:00</subfield>
</dataField>   <datafield tag="856" ind1=" " ind2=" ">
<subfield code="q">application/pdf</subfield>
</datafield>
<datafield tag="856" ind1="4" ind2="0">
<subfield code="u">https://www.revistas.usp.br/actafisiatrica/article/view/103385</subfield>
</datafield>  <datafield tag="786" ind1="0" ind2=" ">
<subfield code="n">Acta Fisiátrica; v. 17 n. 4 (2010)</subfield>
</datafield>  <datafield tag="546" ind1=" " ind2=" ">
<subfield code="a">por</subfield>
</datafield>   <datafield tag="540" ind1=" " ind2=" ">
<subfield code="a">Copyright (c) 2010 Acta Fisiátrica</subfield>
</datafield>
</record>
</metadata>
</record>