
<record>
<header>
<identifier>oai:revistas.usp.br:article/103386</identifier>
<datestamp>2019-11-26T15:39:28Z</datestamp>
<setSpec>actafisiatrica:Art.+Orig.</setSpec>
<setSpec>driver</setSpec>
</header>
<metadata>
<record xmlns="http://www.loc.gov/MARC21/slim" xmlns:xsi="http://www.w3.org/2001/XMLSchema-instance" xsi:schemaLocation="http://www.loc.gov/MARC21/slim http://www.loc.gov/standards/marcxml/schema/MARC21slim.xsd">
<leader>     nmb a2200000Iu 4500</leader>
<controlfield tag="008">"101209 2010                        eng  "</controlfield>
<datafield tag="022" ind1="#" ind2="#">
<subfield code="$a">2317-0190</subfield>
</datafield>
<datafield tag="022" ind1="#" ind2="#">
<subfield code="$a">0104-7795</subfield>
</datafield>
<datafield tag="042" ind1=" " ind2=" ">
<subfield code="a">dc</subfield>
</datafield>
<datafield tag="245" ind1="0" ind2="0">
<subfield code="a">Escala Salsa e grau de Incapacidades da Organização Mundial de Saúde: avaliação da limitação de atividades e deficiência na hanseníase</subfield>
</datafield>  <datafield tag="720" ind1="1" ind2=" ">
<subfield code="a">Ikehara, Eliyara</subfield>
<subfield code="u">Universidade de São Paulo. Faculdade de Medicina</subfield></datafield>
<datafield tag="720" ind1="1" ind2=" ">
<subfield code="a">Nardi, Susilene Maria Tonelli</subfield>
<subfield code="u">Instituto Adolfo Lutz, São José do Rio Preto</subfield></datafield>
<datafield tag="720" ind1="1" ind2=" ">
<subfield code="a">Ferrigno, Iracema Serrat Vergotti</subfield>
<subfield code="u">Universidade Federal de São Carlos</subfield></datafield>
<datafield tag="720" ind1="1" ind2=" ">
<subfield code="a">Pedro, Heloisa da Silveira Paro</subfield>
<subfield code="u">Centro de Laboratórios Regionais - Instituto Adolfo Lutz, São José do Rio Preto</subfield></datafield>
<datafield tag="720" ind1="1" ind2=" ">
<subfield code="a">Paschoal, Vânia Del’Arco</subfield>
<subfield code="u">Faculdade de Medicina de São José do Rio Preto</subfield></datafield>
<datafield tag="520" ind1=" " ind2=" ">
<subfield code="a"> Verificar o grau de incapacidades da OMS (GI-OMS) e a limitação de atividades avaliada pela escala Screening of Activity Limitation and Safety Awareness (SALSA) pós-alta medicamentosa dos pacientes que tiveram hanseníase. Estudo transversal que incluiu pacientes tratados entre 2007 a 2009, em São José do Rio Preto-SP, Brasil. Utilizouse protocolo próprio para coletar dados gerais e clínicos, construído com base no Check List da Classificação Internacional Funcionalidade, Incapacidade e Saúde. A deficiência foi medida pelo GI-OMS e a limitação de atividades pelo SALSA que tem variação de 10 a 80 e ponto de corte ≥25. De 84 pessoas tratadas no período, 54(64,3%) foram entrevistadas, sendo 31(57,4%) homens, idade 53,8(dp16,3) e 33(61,2 %) possuía até 6 anos de educação formal. A forma clinica dimorfa predominou 17(32,1%), 21(38,9%) considerou sua saúde física “boa”. A analise dos escores SALSA e variáveis estudadas resultou em significância aos que relataram lesão significante (valor-p=0,04), baixa renda familiar (valor-p=0,04), baixa escolaridade (valor-p=0,00), formas clínicas multibacilares (valor-p=0,01) e deficiências avaliadas pelo GI-OMS (valor-p=0,01). As limitações de atividades são freqüentes (57,4%), assim como as deficiências medidas pelo GI-OMS (68,5%), atingem as formas multibacilares, pessoas que relataram lesão significante, de baixa renda e escolaridade. </subfield>
</datafield>
<datafield tag="260" ind1=" " ind2=" ">
<subfield code="b">Faculdade de Medicina, Universidade de São Paulo</subfield>
</datafield>
<dataField tag="260" ind1=" " ind2=" ">
<subfield code="c">2010-12-09 00:00:00</subfield>
</dataField>   <datafield tag="856" ind1=" " ind2=" ">
<subfield code="q">application/pdf</subfield>
</datafield>
<datafield tag="856" ind1="4" ind2="0">
<subfield code="u">https://www.revistas.usp.br/actafisiatrica/article/view/103386</subfield>
</datafield>  <datafield tag="786" ind1="0" ind2=" ">
<subfield code="n">Acta Fisiátrica; v. 17 n. 4 (2010)</subfield>
</datafield>  <datafield tag="546" ind1=" " ind2=" ">
<subfield code="a">por</subfield>
</datafield>   <datafield tag="540" ind1=" " ind2=" ">
<subfield code="a">Copyright (c) 2010 Acta Fisiátrica</subfield>
</datafield>
</record>
</metadata>
</record>