
<record>
<header>
<identifier>oai:revistas.usp.br:article/103388</identifier>
<datestamp>2019-11-26T15:53:18Z</datestamp>
<setSpec>actafisiatrica:Art.+Rev.</setSpec>
<setSpec>driver</setSpec>
</header>
<metadata>
<record xmlns="http://www.loc.gov/MARC21/slim" xmlns:xsi="http://www.w3.org/2001/XMLSchema-instance" xsi:schemaLocation="http://www.loc.gov/MARC21/slim http://www.loc.gov/standards/marcxml/schema/MARC21slim.xsd">
<leader>     nmb a2200000Iu 4500</leader>
<controlfield tag="008">"101209 2010                        eng  "</controlfield>
<datafield tag="022" ind1="#" ind2="#">
<subfield code="$a">2317-0190</subfield>
</datafield>
<datafield tag="022" ind1="#" ind2="#">
<subfield code="$a">0104-7795</subfield>
</datafield>
<datafield tag="042" ind1=" " ind2=" ">
<subfield code="a">dc</subfield>
</datafield>
<datafield tag="245" ind1="0" ind2="0">
<subfield code="a">Benefícios do exercício físico para crianças e adolescentes com paralisia cerebral: uma revisão bibliográfica</subfield>
</datafield>  <datafield tag="720" ind1="1" ind2=" ">
<subfield code="a">Paiva, Marcel dos Santos</subfield>
<subfield code="u">Universidade Federal de São Paulo</subfield></datafield>
<datafield tag="720" ind1="1" ind2=" ">
<subfield code="a">Nardi, Marcia Galasso</subfield>
<subfield code="u">Universidade Federal de São Paulo</subfield></datafield>
<datafield tag="720" ind1="1" ind2=" ">
<subfield code="a">Streiff, Tatiana Galante</subfield>
<subfield code="u">Universidade Federal de São Paulo</subfield></datafield>
<datafield tag="720" ind1="1" ind2=" ">
<subfield code="a">Chamlian, Terezinha Rosane</subfield>
<subfield code="u">Universidade Federal de São Paulo</subfield></datafield>
<datafield tag="520" ind1=" " ind2=" ">
<subfield code="a"> Existem fortes evidências demonstrando que a aptidão física e o estado de saúde das crianças e adolescentes são realçados substancialmente pela prática de atividade física freqüente e, por outro lado, há poucos estudos que evidenciam os benefícios desta prática em populações com deficiência ou mobilidade reduzida. Com o objetivo de relatar as alterações geradas pela aplicação de programas de exercícios físicos em crianças e adolescentes com paralisia cerebral com GMFCS I a III, focando as variáveis de força, função motora, espasticidade e qualidade de vida, foi realizada esta revisão bibliográfica utilizando as bases MEDLINE, PubMed e Lilacs. Além de palavras-chave em português e em inglês para busca de artigos, os trabalhos foram selecionados a partir de uma análise prévia obedecendo aos critérios de inclusão a partir do ano de publicação, análise de título e resumo, sendo excluídos os estudos de revisão e revisão sistemática. Dos 8 estudos incluídos, 3 são randomizados variando a quantidade da amostra estudada entre 8 e 65 indivíduos com paralisia cerebral com idades de 6 a 18 anos. Estes estudos contrariam o paradigma de que o exercício físico com carga para pessoas com desordens neurológicas pode causar aumento da espasticidade. O trabalho também retrata os benefícios gerados pelo aumento de força muscular principalmente em membros inferiores através de exercícios que utilizam o princípio da sobrecarga. Resultados são favoráveis com relação a melhora da função motora grossa além da qualidade de vida expressa em diversos fatores como maior motivação, participação em atividades, socialização e auto percepção. </subfield>
</datafield>
<datafield tag="260" ind1=" " ind2=" ">
<subfield code="b">Faculdade de Medicina, Universidade de São Paulo</subfield>
</datafield>
<dataField tag="260" ind1=" " ind2=" ">
<subfield code="c">2010-12-09 00:00:00</subfield>
</dataField>   <datafield tag="856" ind1=" " ind2=" ">
<subfield code="q">application/pdf</subfield>
</datafield>
<datafield tag="856" ind1="4" ind2="0">
<subfield code="u">https://www.revistas.usp.br/actafisiatrica/article/view/103388</subfield>
</datafield>  <datafield tag="786" ind1="0" ind2=" ">
<subfield code="n">Acta Fisiátrica; v. 17 n. 4 (2010)</subfield>
</datafield>  <datafield tag="546" ind1=" " ind2=" ">
<subfield code="a">por</subfield>
</datafield>   <datafield tag="540" ind1=" " ind2=" ">
<subfield code="a">Copyright (c) 2010 Acta Fisiátrica</subfield>
</datafield>
</record>
</metadata>
</record>