
<record>
<header>
<identifier>oai:revistas.usp.br:article/103389</identifier>
<datestamp>2019-11-26T16:02:22Z</datestamp>
<setSpec>actafisiatrica:Art.+Rev.</setSpec>
<setSpec>driver</setSpec>
</header>
<metadata>
<record xmlns="http://www.loc.gov/MARC21/slim" xmlns:xsi="http://www.w3.org/2001/XMLSchema-instance" xsi:schemaLocation="http://www.loc.gov/MARC21/slim http://www.loc.gov/standards/marcxml/schema/MARC21slim.xsd">
<leader>     nmb a2200000Iu 4500</leader>
<controlfield tag="008">"101209 2010                        eng  "</controlfield>
<datafield tag="022" ind1="#" ind2="#">
<subfield code="$a">2317-0190</subfield>
</datafield>
<datafield tag="022" ind1="#" ind2="#">
<subfield code="$a">0104-7795</subfield>
</datafield>
<datafield tag="042" ind1=" " ind2=" ">
<subfield code="a">dc</subfield>
</datafield>
<datafield tag="245" ind1="0" ind2="0">
<subfield code="a">Terapia manipulativa ortopédica na dor vertebral crônica: uma revisão sistemática</subfield>
</datafield>  <datafield tag="720" ind1="1" ind2=" ">
<subfield code="a">Marcondes, Freddy Beretta</subfield>
<subfield code="u">Universidade Estadual de Campinas</subfield></datafield>
<datafield tag="720" ind1="1" ind2=" ">
<subfield code="a">Lodovichi, Samuel Satraceri</subfield>
<subfield code="u">Santa Casa de São Paulo</subfield></datafield>
<datafield tag="720" ind1="1" ind2=" ">
<subfield code="a">Cera, Milton</subfield>
<subfield code="u">Pontifícia Universidade Católica de Campinas</subfield></datafield>
<datafield tag="520" ind1=" " ind2=" ">
<subfield code="a"> Objetivo: Analisar a eficácia da Terapia Manipulativa Ortopédica (TMO) nos casos de dores vertebrais crônicas. Métodos: Uma busca sistematizada foi realizada nas bases de dados PEDro, Medline e Science Direct no mês de junho de 2010, reunindo ensaios clínicos randomizados recentes que documentassem os efeitos da TMO na Dor Vertebral Crônica. Resultados: Foram revisados oito artigos sobre dor cervical crônica e onze sobre dor lombar crônica. Quanto a dor cervical crônica, seis estudos mostraram que a TMO associada a exercícios são eficazes, mantendo a melhora dos sintomas por até 24 meses. Um estudo mostrou que a TMO (sem exercícios) é superior à massagem e outro estudo mostrou que a TMO proporciona alívio imediato da dor. Quanto a dor lombar crônica, cinco ensaios clínicos mostraram que a TMO associada a exercícios são eficazes a curto e longo prazo; dois trabalhos mostraram que a TMO é mais eficaz do que analgésicos e anti-inflamatórios. Três estudos mostram que a TMO como único tratamento é eficaz, um estudo mostra que a manipulação não é mais eficaz que exercícios de extensão. Conclusão: As técnicas de TMO (exceto osteopatia) são recursos eficazes nos casos de dores crônicas da coluna. Entretanto, seus efeitos de redução da dor ocorrem somente a curto prazo, sendo necessário a associação de exercícios terapêuticos para um resultado eficaz a longo prazo. Mais estudos devem ser feitos para comparar diferentes técnicas de TMO e diferentes técnicas de exercícios entre si nos casos de dores crônicas da coluna. </subfield>
</datafield>
<datafield tag="260" ind1=" " ind2=" ">
<subfield code="b">Faculdade de Medicina, Universidade de São Paulo</subfield>
</datafield>
<dataField tag="260" ind1=" " ind2=" ">
<subfield code="c">2010-12-09 00:00:00</subfield>
</dataField>   <datafield tag="856" ind1=" " ind2=" ">
<subfield code="q">application/pdf</subfield>
</datafield>
<datafield tag="856" ind1="4" ind2="0">
<subfield code="u">https://www.revistas.usp.br/actafisiatrica/article/view/103389</subfield>
</datafield>  <datafield tag="786" ind1="0" ind2=" ">
<subfield code="n">Acta Fisiátrica; v. 17 n. 4 (2010)</subfield>
</datafield>  <datafield tag="546" ind1=" " ind2=" ">
<subfield code="a">por</subfield>
</datafield>   <datafield tag="540" ind1=" " ind2=" ">
<subfield code="a">Copyright (c) 2010 Acta Fisiátrica</subfield>
</datafield>
</record>
</metadata>
</record>