
<record>
<header>
<identifier>oai:revistas.usp.br:article/103392</identifier>
<datestamp>2019-11-26T16:05:32Z</datestamp>
<setSpec>actafisiatrica:Art.+Rev.</setSpec>
<setSpec>driver</setSpec>
</header>
<metadata>
<record xmlns="http://www.loc.gov/MARC21/slim" xmlns:xsi="http://www.w3.org/2001/XMLSchema-instance" xsi:schemaLocation="http://www.loc.gov/MARC21/slim http://www.loc.gov/standards/marcxml/schema/MARC21slim.xsd">
<leader>     nmb a2200000Iu 4500</leader>
<controlfield tag="008">"101209 2010                        eng  "</controlfield>
<datafield tag="022" ind1="#" ind2="#">
<subfield code="$a">2317-0190</subfield>
</datafield>
<datafield tag="022" ind1="#" ind2="#">
<subfield code="$a">0104-7795</subfield>
</datafield>
<datafield tag="042" ind1=" " ind2=" ">
<subfield code="a">dc</subfield>
</datafield>
<datafield tag="245" ind1="0" ind2="0">
<subfield code="a">Eletroneuromiografia na avaliação das radiculopatias cervicais e lombossacrais</subfield>
</datafield>  <datafield tag="720" ind1="1" ind2=" ">
<subfield code="a">Balbinot, Luciane Fachin</subfield>
</datafield>
<datafield tag="720" ind1="1" ind2=" ">
<subfield code="a">Garbino, José Antonio</subfield>
<subfield code="u">Instituto Lauro de Souza Lima</subfield></datafield>
<datafield tag="720" ind1="1" ind2=" ">
<subfield code="a">Riberto, Marcelo</subfield>
<subfield code="u">Instituto de Reabilitação Lucy Montoro - Unidade Ribeirão Preto</subfield><subfield code="0">https://orcid.org/0000-0001-9549-8830</subfield></datafield>
<datafield tag="520" ind1=" " ind2=" ">
<subfield code="a"> A eletroneuromiografia (ENMG) é empregada como método de diagnóstico complementar no diagnóstico de radiculopatia desde 1950, contribuindo com importantes informações para o esclarecimento diagnóstico, planejamento do tratamento e acompanhamento evolutivo dos pacientes. A presente revisão baseada em evidências buscou referências com ênfase na indicação, sensibilidade, especificidade, reprodutibilidade e limitações do uso desse exame na avaliação das radiculopatias cervicais e lombossacrais. As referências apontam a ENMG como um exame bastante útil tanto na triagem quanto no diagnóstico diferencial na suspeita de radiculopatia cervical ou lombossacra, bem como na avaliação do grau e extensão da lesão, quando respeitadas as limitações da técnica. </subfield>
</datafield>
<datafield tag="260" ind1=" " ind2=" ">
<subfield code="b">Faculdade de Medicina, Universidade de São Paulo</subfield>
</datafield>
<dataField tag="260" ind1=" " ind2=" ">
<subfield code="c">2010-12-09 00:00:00</subfield>
</dataField>   <datafield tag="856" ind1=" " ind2=" ">
<subfield code="q">application/pdf</subfield>
</datafield>
<datafield tag="856" ind1="4" ind2="0">
<subfield code="u">https://www.revistas.usp.br/actafisiatrica/article/view/103392</subfield>
</datafield>  <datafield tag="786" ind1="0" ind2=" ">
<subfield code="n">Acta Fisiátrica; v. 17 n. 4 (2010)</subfield>
</datafield>  <datafield tag="546" ind1=" " ind2=" ">
<subfield code="a">por</subfield>
</datafield>   <datafield tag="540" ind1=" " ind2=" ">
<subfield code="a">Copyright (c) 2010 Acta Fisiátrica</subfield>
</datafield>
</record>
</metadata>
</record>