
<record>
<header>
<identifier>oai:revistas.usp.br:article/103393</identifier>
<datestamp>2019-11-26T15:39:28Z</datestamp>
<setSpec>actafisiatrica:Tend.+Refle.</setSpec>
<setSpec>driver</setSpec>
</header>
<metadata>
<record xmlns="http://www.loc.gov/MARC21/slim" xmlns:xsi="http://www.w3.org/2001/XMLSchema-instance" xsi:schemaLocation="http://www.loc.gov/MARC21/slim http://www.loc.gov/standards/marcxml/schema/MARC21slim.xsd">
<leader>     nmb a2200000Iu 4500</leader>
<controlfield tag="008">"101209 2010                        eng  "</controlfield>
<datafield tag="022" ind1="#" ind2="#">
<subfield code="$a">2317-0190</subfield>
</datafield>
<datafield tag="022" ind1="#" ind2="#">
<subfield code="$a">0104-7795</subfield>
</datafield>
<datafield tag="042" ind1=" " ind2=" ">
<subfield code="a">dc</subfield>
</datafield>
<datafield tag="245" ind1="0" ind2="0">
<subfield code="a">O estresse na reabilitação: a síndrome da adaptação geral e a adaptação do indivíduo à realidade da deficiência</subfield>
</datafield>  <datafield tag="100" ind1="1" ind2=" ">
<subfield code="a">Chagas, Maria Inês Orsoni</subfield>
<subfield code="u">Universidade de São Paulo. Faculdade de Medicina</subfield></datafield>
<datafield tag="520" ind1=" " ind2=" ">
<subfield code="a"> O presente artigo explora a idéia de que o ser humano possui em seu DNA a capacidade para a adaptação às mudanças drásticas que ocorrem na vida, propiciando-lhe a sobrevivência em situações adversas, neste contexto, a aquisição de seqüelas incapacitantes. E se a isso estiver somada a resiliência, enquanto capacidade de transcender à crise com vantagens pode ocorrer uma retomada do desenvolvimento e uma melhora na qualidade de vida do indivíduo, a despeito das seqüelas. </subfield>
</datafield>
<datafield tag="260" ind1=" " ind2=" ">
<subfield code="b">Faculdade de Medicina, Universidade de São Paulo</subfield>
</datafield>
<dataField tag="260" ind1=" " ind2=" ">
<subfield code="c">2010-12-09 00:00:00</subfield>
</dataField>   <datafield tag="856" ind1=" " ind2=" ">
<subfield code="q">application/pdf</subfield>
</datafield>
<datafield tag="856" ind1="4" ind2="0">
<subfield code="u">https://www.revistas.usp.br/actafisiatrica/article/view/103393</subfield>
</datafield>  <datafield tag="786" ind1="0" ind2=" ">
<subfield code="n">Acta Fisiátrica; v. 17 n. 4 (2010)</subfield>
</datafield>  <datafield tag="546" ind1=" " ind2=" ">
<subfield code="a">por</subfield>
</datafield>   <datafield tag="540" ind1=" " ind2=" ">
<subfield code="a">Copyright (c) 2010 Acta Fisiátrica</subfield>
</datafield>
</record>
</metadata>
</record>
<resumptionToken expirationDate="2023-08-08T14:50:08Z" completeListSize="935" cursor="350">46b1e1c21e4c888ddf0e3dd29b15e7ef</resumptionToken>
</ListRecords>
</OAI-PMH> 